5174 7014
1296 585 1660 670 ..xm-p

546 787 687 869 cialium,
716 806 851 870 quorum
872 787 1027 850 rationem
1048 787 1112 849 iam
1134 804 1220 850 anno
1246 785 1309 848 423
1331 783 1444 849 habuit
1465 783 1612 848 Cratinus
1634 783 1728 866 (Πυτ.
1750 783 1786 850 fr.
1810 787 1852 868 4),
1883 805 1903 849 a
1923 783 2050 850 Blaesio
2059 786 2111 867 ¹²⁸)
2139 784 2364 850 admodum

546 906 749 992 probabiliter
776 905 880 972 eidem
900 905 1091 989 Antiphonti
1122 905 1246 969 tributa.
1290 906 1337 968 At
1354 904 1529 988 Antiphon,
1556 905 1583 968 si
1612 903 1746 987 Gorgiae
1776 904 1901 970 auditor
1928 909 2055 990 propter
2083 909 2224 970 oetatem
2266 905 2360 968 iam

547 1031 727 1112 provectam
750 1045 816 1090 non
838 1025 949 1107 meat,
981 1025 1015 1088 id
1039 1025 1124 1109 quod
1145 1027 1179 1088 in
1199 1025 1305 1088 medio
1327 1025 1485 1107 relinquo,
1506 1027 1590 1089 certo
1611 1026 1645 1088 in
1667 1022 1827 1088 scribendi
1847 1025 1970 1090 rationo
1993 1044 2027 1089 se
2048 1024 2228 1109 praebebat
2257 1025 2361 1088 eius

547 1144 807 1230 discipulum¹²⁹t
862 1146 995 1210 Aooedit
1024 1146 1108 1229 quod
1136 1165 1177 1211 ns
1209 1145 1269 1208 hoo
1299 1145 1428 1229 quidem
1456 1149 1577 1210 certum
1602 1149 1660 1227 est,
1688 1141 1894 1229 Epitaphium
1923 1148 2181 1230 antiquissimum
2214 1147 2362 1210 finisse

547 1265 681 1350 Gorgiae
703 1285 835 1350 operum
855 1265 960 1329 Attiou
981 1265 1114 1330 dialecto
1137 1267 1333 1350 scriptorum.

712 1385 814 1470 Igitur
835 1385 918 1449 haud
941 1387 1023 1450 male
1044 1383 1316 1469 Blassius¹³⁰):
1348 1405 1442 1468 ,man
1464 1405 1554 1450 muse
1572 1384 1707 1452 nurrdie
1728 1383 1827 1448 Saohe
1850 1385 1938 1448 nioht
1959 1385 2017 1450 auf
2034 1386 2086 1450 die
2109 1383 2222 1470 Spitze
2254 1388 2360 1448 tmi-

548 1505 645 1587 „ben:
668 1523 703 1569 es
726 1506 813 1568 kann
831 1505 919 1568 rooht
941 1505 1024 1570 wohl
1046 1507 1127 1587 sein,
1149 1505 1222 1569 dass
1245 1505 1327 1569 auoh
1342 1525 1399 1570 vor
1419 1505 1563 1590 Gorgias’
1579 1504 1763 1589 Epitaphios
1778 1503 1896 1569 boreits
1917 1508 1970 1570 ein
1992 1507 2175 1571 Athener
2197 1506 2359 1570 attisch

502 1618 508 1630 '
546 1623 775 1709 ‚gesehriebon
797 1625 900 1702 hatto;
925 1624 982 1688 das
1001 1623 1192 1709 Wiehtigste
1212 1627 1254 1688 ist
1276 1624 1329 1687 boi
1350 1624 1498 1708 Gorgiae,
1519 1625 1592 1689 dass
1611 1644 1646 1688 er
1666 1624 1713 1688 als
1736 1624 1964 1704 Auelinder
1985 1625 2053 1690 dies
2073 1626 2150 1707 that,
2170 1625 2255 1688 und
2286 1645 2357 1688 so-

548 1745 653 1826 „dann
675 1743 732 1806 der
751 1743 894 1828 Erfolg
920 1747 1026 1808 seinor
1053 1745 1282 1810 httorarisohen
1302 1743 1490 1828 Ieistung‘:
1522 1749 1554 1808 at
1578 1747 1707 1827 propter
1733 1745 1840 1827 ipsum
1870 1744 1957 1809 hune
1977 1764 2163 1810 successum
2185 1745 2352 1810 adicere

546 1884 618 1929 meo
640 1867 710 1928 iure
733 1865 813 1928 mihi
840 1865 968 1929 videor:
1000 1865 1093 1946 „aber
1120 1866 1177 1930 der
1207 1866 1396 1949 oigentliche
1422 1865 1571 1948 Sohhpfer
1596 1863 1665 1927 und
1696 1861 1882 1946 Begriinder
1910 1871 1999 1929 einer
2020 1866 2176 1930 attischon
2198 1862 2348 1929 Prosa-

549 1984 722 2066 „htteratur
742 1982 841 2047 bleibt
863 2003 897 2046 or
918 1981 998 2047 oben
1022 1983 1120 2046 demit
1141 1983 1251 2046 dooh“.
1297 1981 1360 2046 Sed
1384 2001 1577 2067 quamquem
1598 1982 1738 2044 historici
1768 1985 1800 2045 et
1820 1983 1972 2068 philologi
1991 2005 2057 2050 non
2077 1991 2126 2050 est
2147 2004 2343 2070 quaerere,

548 2103 673 2187 siquid
696 2103 815 2166 factum
835 2121 901 2166 non
922 2107 1025 2184 asset,
1048 2121 1132 2166 anno
1154 2103 1213 2166 hoe
1237 2103 1290 2166 vel
1310 2101 1390 2166 illud
1411 2105 1487 2166 tuno
1509 2107 1595 2166 esset
1614 2101 1741 2182 fectum,
1763 2105 1943 2184 tumemus
1965 2105 2104 2168 nimium
2126 2105 2212 2168 velle
2241 2105 2339 2169 Gor·

545 2224 618 2305 giae
640 2219 777 2284 tribuere
795 2221 914 2300 videar,
935 2222 1030 2284 etiam
1050 2219 1137 2282 aliud
1159 2220 1237 2302 quid
1258 2220 1378 2284 adicio:
1401 2220 1520 2284 leutius
1535 2221 1644 2305 procul
1660 2221 1756 2285 dubio
1780 2224 1850 2285 sino
1872 2242 1910 2288 eo
1924 2241 2091 2308 progressa
2112 2237 2198 2289 esset
2218 2245 2334 2310 prosa

546 2341 662 2422 Attica,
683 2341 739 2404 sod
760 2343 932 2404 mansisset
954 2341 1048 2404 etiam
1072 2341 1195 2403 avitiis
1218 2339 1395 2424 Gorgianao
1417 2340 1564 2404 dictionis
1585 2339 1721 2404 liberior.

549 2505 644 2514 ..ι-ο-

718 2595 782 2661 128)
801 2594 968 2663 Quamquam
992 2593 1120 2648 extahant
1143 2593 1227 2646 etlam
1246 2591 1441 2660 Thrasymoohi
1465 2593 1599 2660 prooemia
1623 2593 1712 2646 noaoio
1735 2609 1787 2663 qno
1806 2596 1926 2663 ternpore
1945 2595 2045 2662 scripta
2063 2597 2139 2661 (Ath.
2158 2597 2191 2650 X.
2213 2599 2322 2667 416a),

546 2681 579 2735 do
603 2681 699 2750 quibus
724 2679 795 2734 haud
819 2680 896 2749 plano
921 2681 1058 2734 consentio
1078 2696 1138 2733 eum
1157 2678 1296 2732 Blaesio
1318 2678 1412 2732 1.1.1.
1433 2695 1457 2748 p.
1476 2677 1528 2732 243
1545 2695 1584 2747 sq.
1621 2679 1861 2733 Deliberativarum
1882 2680 2032 2733 orationum
2049 2682 2185 2748 prooemia
2204 2685 2318 2750 primus

471 2829 473 2834 ¹
547 2767 660 2822 edidisse
686 2767 793 2821 videtur
819 2767 921 2821 Critiae
949 2767 1089 2833 (Hermog.
1109 2765 1189 2819 Rhot.
1209 2763 1310 2820 Gr.11.
1337 2781 1363 2833 p.
1381 2765 1434 2818 416
1453 2765 1575 2834 Gpoug.)‚
1605 2767 1740 2834 prooemia
1764 2769 1792 2820 et
1818 2765 1936 2834 epilogos
1958 2765 2091 2834 Cephalus
2115 2766 2262 2833 Collytius,
2290 2785 2315 2822 r.

545 2853 968 3012 §18881111121911011111aqes
993 2941 1011 2994 l.
1029 2941 1047 2993 l.
1066 2938 1089 2993 1.
1108 2955 1133 3008 p.
1155 2937 1300 2992 113-136.
1337 2940 1463 2995 Ceterum
1488 2941 1571 2994 otiam
1591 2940 1785 3009 Thrasymaohi
1803 2940 1918 2994 olooutio
1937 2944 1996 2992 orta
2015 2942 2056 2991 est
2073 2955 2088 2992 e
2107 2937 2254 3004 Gorgiana,
2274 2938 2310 2993 of.

546 3026 656 3080 Blaae.
676 3027 692 3080 1.
711 3027 728 3079 1.
748 3025 770 3079 I.
789 3043 815 3095 p.
834 3028 886 3081 246
903 3044 960 3097 sqq.
979 3027 1031 3090 ΙΙΙ,
1050 3027 1074 3080 2.
1095 3043 1121 3096 p.
1140 3026 1199 3079 331.

717 3111 830 3180 130)1n
848 3114 975 3169 Burrieni
992 3115 1047 3168 roll.
1066 3112 1132 3168 xxl
1150 3113 1254 3189 (1880).
1274 3131 1299 3184 p.
1322 3114 1379 3168 181.
