5174 7014
1318 651 1602 734 -mm-

577 861 648 942 τοὺς
672 857 879 954 προφήταςΜ).
924 864 1014 931 Certe
1036 867 1092 951 qui
1113 867 1274 950 ceteroqui
1293 871 1391 930 totam
1412 866 1494 930 hanc
1514 866 1701 931 relationem
1721 867 1833 932 falsam
1848 886 1920 932 esse
1935 873 2059 954 putant,
2081 869 2128 932 eis
2141 867 2354 933 reiciendum

579 992 627 1052 est
649 989 744 1052 etiam
765 989 825 1051 iter
845 984 1039 1069 Cyrenense,
1059 1006 1166 1070 neque
1189 987 1293 1066 rideo,
1315 1006 1379 1070 quo
1401 987 1471 1050 iure
1493 1005 1621 1070 parcere
1643 993 1761 1070 queant
1781 987 1984 1074 Megarensi:
2008 991 2087 1073 quin
2109 991 2207 1054 immo
2227 1003 2353 1072 reapse

576 1105 716 1186 fuerunt,
743 1107 798 1189 qui
820 1125 859 1169 eo
881 1125 986 1190 usque
1008 1107 1150 1190 provecti
1171 1111 1257 1190 sunt,
1286 1111 1322 1171 ut
1342 1107 1376 1171 id
1399 1125 1528 1190 quoque
1550 1107 1651 1171 effuso
1674 1109 1814 1191 quodam·
1834 1111 1910 1172 artis
1932 1111 2059 1174 criticae
2079 1127 2197 1194 genere
2219 1109 2272 1173 usi
2291 1109 2352 1172 in-

576 1223 754 1290 fabrdarum
775 1244 910 1290 numero
930 1245 1084 1311 reponere
1106 1225 1279 1309 studerent,
1306 1228 1383 1291 satis
1404 1225 1451 1290 illi
1471 1229 1582 1292 revicti
1604 1249 1623 1293 a
1644 1225 1847 1314 Zellero⁹¹).
1893 1228 2027 1310 Cyrenis
2049 1235 2155 1294 autem
2175 1227 2351 1293 Platonem

576 1345 750 1430 proiectum
769 1363 841 1410 eaeo
863 1349 899 1410 in
917 1345 1051 1428 Italiam,
1072 1366 1114 1410 ex
1135 1345 1226 1410 Italia
1246 1349 1281 1410 in
1296 1348 1491 1431 Aegyptum,
1511 1347 1627 1412 deinde
1646 1367 1687 1411 ex
1702 1349 1850 1432 Aegypto
1865 1349 2009 1413 Athenas
2027 1349 2161 1414 rediisse
2167 1347 2206 1434 ⁹⁸)
2229 1349 2349 1433 ibique

578 1467 716 1530 scholam
739 1485 831 1530 suam
853 1465 1044 1548 condidisse,
1067 1469 1176 1550 postea
1198 1466 1328 1530 demum
1348 1465 1488 1531 Siciliam
1508 1467 1646 1550 primum
1669 1465 1798 1547 adiisse,
1820 1467 1898 1552 quid
1920 1472 1969 1532 est
1988 1470 2023 1531 in
2045 1469 2095 1532 his
2116 1467 2213 1532 rebus
2237 1469 2348 1532 omni·

576 1587 647 1668 bus,
673 1587 758 1671 quod
788 1606 885 1652 sanae
914 1589 1012 1651 menti
1040 1587 1219 1672 repugnet?
1262 1585 1310 1651 lta
1331 1588 1417 1651 enim
1439 1608 1459 1650 a
1479 1586 1652 1672 biographo
1672 1587 1802 1651 relatam
1827 1606 1899 1652 esse
1924 1589 2075 1653 itinerum
2103 1589 2220 1653 seriem
2245 1587 2345 1652 facile

576 1709 803 1791 unusquisque
831 1708 1004 1791 intelleget,
1035 1709 1090 1790 qui
1118 1707 1326 1791 interruptam
1348 1707 1434 1770 illam
1457 1707 1539 1790 apud
1562 1704 1742 1790 Diogenem
1760 1707 1926 1791 permultis
1950 1706 2021 1770 aliis
2041 1705 2138 1770 rebus
2160 1707 2346 1772 continuari

577 1825 607 1910 ξ.
629 1827 669 1890 18
692 1846 762 1911 sqq.
785 1826 894 1891 verbis
916 1827 976 1912 τρὶς
997 1817 1033 1887 δὲ
1052 1823 1217 1888 πέπλευκεν
1239 1829 1279 1899 εἰς
1299 1823 1439 1888 Σικελίαν
1460 1847 1488 1886 κ.
1510 1847 1539 1886 τ.
1560 1821 1645 1907 W),
1675 1823 1794 1909 quibus
1823 1827 2008 1891 intermixta
2037 1846 2109 1891 esse
2130 1825 2214 1891 haud
2235 1845 2344 1909 pauca

576 1965 708 2030 prorsus
737 1945 882 2011 fabulosa
907 1965 949 2010 ne
977 1965 1037 2030 ego
1067 1945 1197 2030 quidem
1227 1943 1354 2027 infitior,
1382 1951 1414 2008 et
1442 1945 1620 2010 secundum
1641 1946 1669 2027 ᾗ.
1694 1945 1734 2008 20
1758 1941 1924 2010 Platonem
1946 1946 2096 2030 posthoc
2118 1947 2257 2030 primum
2278 1947 2342 2009 iter

577 2065 720 2130 Siculum
741 2068 911 2130 revertisse
930 2056 1104 2139 Ἀθήναζε
1126 2057 1210 2150 πρὸς
1230 2058 1315 2137 τοὺς
1336 2063 1499 2150 ἑταίρους
1524 2065 1775 2128 animadvertere
1790 2064 1874 2128 velit
1919 2062 2010 2140 Quod
2025 2067 2054 2128 si
2067 2063 2164 2129 fidem
2180 2064 2337 2129 habemus

576 2187 651 2250 huic
683 2188 837 2270 scriptori,
867 2205 932 2249 non
962 2184 1101 2268 amplius
1131 2184 1313 2268 indigemus
1336 2184 1517 2249 coniectura
1538 2183 1603 2266 illc,
1632 2203 1675 2248 ex
1694 2203 1758 2267 qua
1779 2182 1964 2248 Ciceronem
1986 2185 2092 2268 potius
2115 2185 2215 2248 secuti
2237 2183 2342 2268 philo·

578 2307 714 2390 sophum
742 2309 797 2370 aut
824 2303 961 2388 Megaris
988 2303 1106 2367 relictis
1135 2311 1190 2366 aut
1217 2303 1301 2366 inter
1326 2303 1522 2386 Aegyptium
1548 2303 1609 2368 iter
1640 2309 1672 2368 et
1699 2322 1839 2387 sequens
1868 2301 2014 2368 Italicum
2043 2303 2252 2387 Siculumque
2284 2307 2342 2366 aut

578 2432 713 2510 utroque
739 2431 879 2510 tempore
907 2444 964 2508 per
993 2422 1170 2506 complures
1200 2441 1303 2486 annos
1325 2422 1461 2486 Athenis
1488 2423 1612 2488 vixisse
1640 2429 1676 2487 ut
1704 2423 1797 2488 nobis
1824 2443 2024 2490 sumeremus
2053 2443 2134 2509 opus
2157 2425 2283 2505 erat⁹⁵),
2317 2425 2346 2487 si

579 2550 743 2631 acquirere
765 2544 951 2609 volebamus
973 2550 1109 2627 tempuS,
1132 2560 1195 2626 quo
1216 2545 1373 2626 potuisset
1391 2542 1438 2606 ibi
1456 2541 1604 2624 scribere,
1627 2548 1662 2607 ut
1682 2543 1722 2608 de
1744 2543 1880 2610 Menona
1903 2549 2035 2626 taceam,
2057 2541 2236 2608 Phaedrum
2259 2545 2342 2607 inter

578 2685 680 2730 annos
709 2667 771 2730 495
800 2671 831 2728 et
856 2666 918 2729 492
931 2661 979 2746 ⁹⁶),
1011 2664 1066 2728 sed
1090 2664 1201 2727 tradita
1228 2665 1291 2728 iam
1318 2681 1369 2726 res
1399 2669 1448 2726 est
1474 2681 1548 2726 eum
1580 2662 1699 2725 relictis
1726 2663 1874 2746 Megaris,
1897 2662 2042 2742 Cyrenis,
2070 2659 2173 2741 Italia,
2195 2663 2341 2743 Aegypto

579 2805 690 2870 reapse
712 2785 757 2850 ibi
778 2804 833 2869 per
855 2785 983 2868 longius
1003 2787 1129 2866 tempus
1151 2784 1310 2862 mansisse
1333 2787 1364 2845 et
1384 2799 1532 2844 museum
1555 2799 1650 2844 suum
1673 2781 1864 2861 condidisse,
1889 2780 2033 2861 nihilque
2056 2797 2145 2841 nunc
2165 2777 2277 2860 obstat,
2299 2799 2340 2844 ne

577 2927 662 2970 nove
686 2905 760 2969 huic
781 2907 924 2969 instituto
941 2902 1104 2967 Phaedrus
1125 2903 1197 2966 talis
1218 2902 1314 2965 luerit
1334 2901 1487 2983 prolusi0,
1507 2900 1634 2983 qualem
1657 2901 1726 2963 auis
1746 2899 1862 2963 scholis
1884 2898 2038 2961 leocrates
2055 2901 2165 2981 postea
2178 2901 2341 2982 praemisit

580 3027 753 3089 orationem
772 3028 880 3088 contra
901 3023 1070 3107 sophistae,
1091 3021 1299 3086 Antisthenes
1321 3026 1414 3084 antea
1435 3020 1649 3104 praemiserat,
1672 3023 1708 3082 ut
1727 3019 1862 3098 videtur,
1880 3006 2049 3084 Atilianae.
2093 3013 2195 3091 Quam
2211 3023 2339 3082 senten-

578 3147 656 3208 tiam
682 3164 756 3208 cum
785 3147 850 3208 toto
877 3143 996 3228 dialogi
1024 3145 1209 3227 argumento
1231 3141 1371 3204 maxime
1397 3144 1635 3223 congruentem,
1656 3157 1699 3202 ex
1721 3157 1784 3222 qua
1806 3137 1923 3220 optime
1945 3136 2097 3218 explicari
2119 3140 2221 3220 potest
2242 3139 2336 3201 etiam

579 3266 665 3330 color
686 3264 874 3329 elocutionis
896 3262 1202 3346 dithyrambicuslb,
1224 3281 1295 3326 eam
1317 3260 1417 3325 solam
1440 3258 1480 3324 ob
1502 3277 1631 3323 causam
1654 3257 1756 3321 adhuc
1770 3257 1888 3319 reicere
1902 3275 1988 3320 eram
2003 3260 2140 3338 coactus,
2162 3259 2238 3341 quia
2252 3273 2335 3320 anno

580 3387 709 3451 demum
732 3385 797 3450 fere
820 3385 881 3450 388
906 3405 924 3449 e
951 3385 1058 3450 Sicilia
1086 3402 1251 3468 regressus
1271 3399 1343 3445 esse
1365 3381 1492 3443 videtur
1511 3376 1611 3458 Plato,
1632 3375 1812 3440 Phaedrum
1834 3379 1939 3439 autem
1960 3394 2025 3438 non
2046 3379 2119 3460 post
2138 3393 2338 3460 programma

526 3533 531 3542 ·
578 3507 656 3572 illud
679 3505 883 3589 Isocrateum,
903 3507 963 3570 hoc
985 3509 1034 3570 est
1055 3507 1126 3588 post
1147 3519 1267 3565 annum
1290 3499 1363 3578 490,
1385 3498 1440 3561 sed
1463 3502 1557 3560 antea
1578 3496 1700 3560 editum
1722 3513 1794 3558 esse
1816 3511 1887 3558 mea
1910 3494 2040 3578 quidem
2062 3494 2229 3570 sententia,
2252 3493 2336 3552 sicut

578 3629 658 3710 dixi,
684 3631 775 3692 extra
796 3626 895 3690 ullam
915 3625 1055 3709 positum
1077 3627 1126 3685 est
1146 3619 1383 3684 dubitationem.
1429 3615 1572 3680 Proiecto
1595 3616 1659 3678 nisi
1682 3616 1759 3678 haec
1781 3613 1942 3678 accederet
1962 3632 2024 3692 res,
2050 3631 2069 3674 a
2091 3609 2242 3673 Cicerone
2263 3625 2335 3689 pro-

578 3749 732 3814 babiliora
754 3765 850 3831 quam
873 3765 892 3808 a
913 3741 1036 3806 laertio
1057 3739 1202 3825 Diogene
1223 3740 1321 3803 relata
1340 3757 1413 3803 esse
1435 3756 1477 3801 ne
1499 3737 1545 3799 sic
1567 3735 1697 3818 quidem
1724 3741 1877 3818 putarem,
1907 3733 1963 3797 sod
1984 3731 2073 3794 litem
2094 3730 2177 3790 inter
2196 3727 2283 3788 hunc
2305 3724 2337 3783 et

579 3871 672 3935 illum
700 3867 805 3930 dirimi
826 3884 892 3927 non
923 3881 1017 3946 posse
1045 3881 1225 3926 censerem:
1258 3859 1427 3923 accedente
1448 3858 1507 3919 hac
1528 3873 1615 3919 nunc
1636 3874 1701 3919 non
1725 3854 1843 3937 dubito,
1875 3855 1936 3918 utri
1965 3849 2059 3916 fidem
2079 3845 2222 3910 habeam.
2266 3838 2337 3904 Hac

751 4107 798 4171 91)
818 4105 859 4162 Cf.
878 4104 990 4171 Quintil.
1009 4101 1032 4163 Ῑ,
1054 4101 1093 4162 12.
1114 4102 1153 4153 15.
1178 4099 1263 4160 Plato,
1289 4099 1332 4162 qui
1353 4115 1401 4147 noa
1426 4105 1553 4146 contentae
1576 4095 1725 4160 disciplinis,
1749 4111 1813 4160 mcor
1835 4099 1973 4157 praestare
1996 4093 2116 4150 poterant
2138 4083 2261 4140 Attanae,
2295 4093 2343 4126 aaa

582 4199 803 4266 Pythagoreorum,
824 4194 860 4244 od
877 4211 937 4257 quoa
956 4193 981 4242 ia
1000 4190 1103 4241 Italiam
1121 4187 1295 4252 navigaverat,
1314 4185 1427 4250 Aegypti
1443 4201 1535 4249 quoque
1553 4182 1702 4233 sacedotes
1721 4181 1785 4230 adiit
1804 4187 1877 4240 atque
1896 4190 1978 4224 eoram
1996 4185 2097 4220 arcano
2112 4165 2256 4232 perdidicit.

748 4281 793 4348 99)
811 4279 882 4334 Phil.
902 4281 926 4332 d.
946 4279 991 4333 Gr.
1009 4277 1027 4330 l.
1047 4277 1063 4330 l.
1082 4291 1108 4345 p.
1127 4274 1178 4327 349
1197 4288 1237 4342 aq.
1256 4289 1282 4326 n.
1300 4271 1325 4324 3,

748 4368 794 4433 93)
813 4365 893 4422 Nono
918 4365 997 4419 huius
1020 4364 1115 4416 saltem
1141 4361 1180 4414 rei
1203 4359 1348 4427 vestigium
1372 4357 1447 4412 nobis
1466 4356 1595 4410 mansisse
1613 4352 1696 4406 etiam
1716 4347 1787 4416 apud
1804 4346 1878 4400 Plut.
1897 4344 1937 4396 De
1954 4357 2014 4409 gen.
2037 4339 2108 4393 Socr.
2127 4338 2151 4391 7.
2172 4334 2256 4388 olan
2274 4347 2332 4401 sqq.

580 4461 717 4527 intellego,
737 4456 770 4512 ct.
789 4472 856 4526 quae
875 4453 967 4508 monui
983 4453 1012 4504 in
1031 4451 1100 4502 Anu.
1120 4447 1213 4516 philol.
1232 4445 1328 4501 CXXI.
1348 4462 1372 4514 p.
1392 4445 1451 4498 799.
1474 4461 1499 4496 n.
1518 4441 1560 4495 48.

749 4545 795 4608 94)
815 4542 875 4607 Qua
891 4540 924 4594 da
941 4555 970 4591 re
992 4553 1045 4590 non
1063 4537 1105 4589 ita
1122 4533 1276 4588 dubitanter
1292 4532 1365 4602 loqui
1383 4531 1518 4592 debebam,
1537 4531 1569 4581 nt
1587 4525 1639 4580 leci
1657 4525 1676 4578 l.
1694 4523 1714 4577 l.
1732 4537 1758 4591 p.
1778 4519 1829 4573 719
1847 4534 1886 4587 sq.
1905 4517 1964 4570 721,
1982 4532 2008 4569 n.
2026 4516 2069 4566 45.
2088 4509 2129 4563 52.

747 4631 796 4697 95)
814 4630 847 4683 V.
867 4643 934 4697 quae
952 4626 985 4679 do
1003 4627 1054 4678 hac
1073 4639 1102 4676 re
1120 4620 1233 4675 disserui
1250 4619 1268 4672 l.
1287 4619 1304 4674 l
1323 4637 1348 4688 p.
1368 4617 1418 4672 719
1436 4635 1493 4687 sqq.

749 4717 797 4778 96)
816 4713 977 4770 Accaratius
996 4712 1053 4764 eius
1071 4715 1178 4778 tempus
1195 4704 1311 4760 nondum
1330 4703 1542 4758 demonstratum
1560 4717 1618 4756 esee
1636 4695 1764 4753 concedo:
1782 4692 1907 4754 lintheo,
1925 4689 1948 4743 si
1960 4687 2099 4742 hieronem
2112 4687 2174 4736 ante
2185 4678 2338 4733 Phaedrum

582 4809 713 4878 scriptum
731 4820 788 4858 esse
806 4801 889 4856 firmis
909 4795 1075 4866 argumentis
1093 4793 1197 4848 ostendi
1214 4797 1351 4863 potestat
1369 4807 1460 4846 revera
1478 4797 1615 4843 ostensum
1634 4786 1694 4839 erit.
1721 4782 1820 4838 Utrum
1839 4780 1891 4832 hoc
1908 4778 2010 4830 factum
2028 4773 2082 4825 iam
2100 4770 2137 4823 sit
2156 4767 2338 4834 aPerper·

582 4897 650 4960 sio,
674 4909 744 4947 nunc
768 4893 840 4944 certe
857 4888 886 4941 in
903 4885 990 4940 medio
1009 4883 1137 4951 relinquo.
1174 4879 1225 4935 Sed
1244 4883 1301 4944 aut,
1328 4895 1395 4948 quaa
1414 4894 1473 4931 mea
1490 4873 1626 4930 sonmntia
1644 4875 1693 4933 est,
1716 4869 1788 4924 inter
1806 4880 1890 4921 annos
1908 4863 1968 4916 illos
1987 4863 2035 4914 aut
2051 4857 2148 4911 saltem
2166 4857 2238 4908 mter
2255 4865 2338 4905 annos

583 4983 624 5038 rel
641 4981 693 5036 403
711 4983 740 5033 et
756 4977 808 5032 400
826 4975 867 5029 vel
884 4973 937 5026 396
955 4976 983 5025 et
1000 4971 1051 5026 392
1068 4969 1191 5024 extitisse
1208 4968 1280 5022 hunc
1299 4965 1435 5033 dialogum
1455 4963 1509 5016 iam
1528 4977 1599 5016 nunc
1619 4963 1676 5013 tsm
1697 4959 1800 5012 certum
1819 4956 1868 5016 eet,
1896 4953 1927 5004 ut
1944 4965 1998 5003 non
2015 4945 2180 5042 intellegam,
2207 4935 2338 5036 quomodo

584 5069 698 5126 scrihere
716 5064 836 5136 potuerit
852 5058 1101 5126 Dittenbarger
1118 5057 1135 5110 l.
1153 5056 1171 5109 l.
1189 5071 1215 5124 p.
1233 5055 1285 5107 342
1303 5052 1447 5106 tahisaima
1464 5051 1545 5103 haec:
1565 5043 1768 5112 „Andererscits
1786 5041 1835 5094 hat
1854 5055 1916 5092 man
1934 5032 2064 5104 geglanbt
2083 5046 2111 5082 m
2125 5027 2179 5130 den
2197 5022 2339 5080 Urtherlan

585 5156 669 5223 „uber
686 5152 782 5221 Lysias
803 5149 856 5204 und
874 5147 1008 5202 leonata
1026 5144 1103 5198 einen
1121 5144 1207 5196 testeo
1221 5139 1324 5194 Anhalt
1341 5155 1373 5192 zu
1392 5136 1487 5191 finden.
1523 5135 1596 5189 Ahar
1608 5132 1677 5186 auch
1689 5131 1747 5184 hier
1759 5125 1864 5197 ergiebt
1876 5125 1936 5179 sich
1947 5138 1995 5175 aas
2007 5119 2057 5173 den
2069 5110 2339 5221 darhbergellthrtqp

583 5239 829 5308 „Verbandlungen
849 5251 900 5290 nur
916 5233 964 5288 das
982 5231 1106 5300 negative
1124 5229 1257 5290 lteaultat,
1276 5225 1337 5280 dass
1349 5224 1419 5278 nach
1429 5223 1521 5278 leiuer
1533 5221 1606 5276 Seite
1620 5219 1668 5274 hin
1680 5219 1738 5272 aine
1751 5214 1854 5270 aichara
1867 5207 2071 5272 Entscheiduug
2083 5219 2115 5256 an
2128 5198 2263 5253 errerchen
2277 5197 2313 5247 rat
2332 5231 2339 5244 .

586 5331 688 5386 Contra
705 5326 772 5380 haec
789 5340 813 5376 r.
832 5339 900 5392 qaae
920 5319 1012 5375 monui
1027 5335 1108 5388 supra
1126 5333 1151 5386 p.
1170 5315 1236 5370 XVI
1254 5329 1277 5368 c.
1296 5330 1322 5368 n.
1340 5312 1383 5366 81.
1917 5377 1924 5396 .
2217 5364 2223 5386 '
2293 5363 2329 5418 lm

751 5409 799 5475 97)
820 5409 861 5464 Cf.
880 5423 948 5476 quae
965 5405 999 5458 de
1016 5403 1188 5460 Antisthenis
1203 5397 1321 5470 Ἀληθείᾳ
1338 5397 1423 5454 tradit
1440 5397 1530 5451 Laert.
1550 5395 1629 5462 Dicg.
1648 5392 1696 5455 VI,
1715 5393 1740 5447 2.
1763 5383 1793 5442 τὸ
1816 5385 1942 5457 ῥητοροιον
1962 5374 2024 5478 aldor
2046 5375 2138 5476 &7⁸10st
2155 5369 2276 5437 aanor
2328 5395 2342 5406 ·

585 5499 649 5572 9¹¹?ss
665 5499 706 5550 ²⁸1
724 5491 831 5568 μάλιστα
849 5490 873 5545 ³⁹
890 5486 1053 5564 ῖῇἊληθίῖῆ
1069 5489 1111 5541 ²⁸¹
1127 5491 1176 5550 τοὶς
1192 5487 1384 5557 Προτρεπτικοῖς
1421 5484 1476 5539 Cur
1493 5482 1563 5536 euim
1582 5481 1628 5535 hic
1647 5480 1770 5546 dialogus
1782 5473 1947 5544 prooemium
1961 5468 2044 5520 fursee
2056 5463 2179 5516 videatur
2189 5457 2342 5513 scholarum

585 5588 619 5644 ab
638 5585 799 5642 Antisthene
817 5579 1007 5642 habendarum.
1026 5578 1118 5633 docuit
1136 5579 1155 5632 Ζ
1160 5593 1176 5645 y
1187 5577 1251 5630 cha
1268 5575 1285 5628 l.
1307 5576 1323 5629 t.
1342 5590 1368 5643 p.
1387 5577 1411 5627 5.

1559 6433 1764 6879 l
2178 6397 2527 6714 ¹¹¹
