5174 7014
1309 685 1508 748 -V1..

819 880 859 942 10
901 875 995 955 αὐτὸς
1015 875 1073 968 γὰρ
1092 873 1172 968 τοίγε
1191 873 1297 970 σήματ’
1326 876 1491 972 ίνιοῦράνῳ
1514 878 1665 973 ἐστήριξεν

898 993 996 1087 ἄστρα
1017 993 1181 1089 διακρῖναι·
1204 1002 1357 1089 ἐσκέψατο
1380 996 1407 1066 δ’
1434 1011 1475 1080 εἰς
1495 999 1629 1070 ἐνιαυτόν

899 1117 1034 1208 ἀστέρας,
1057 1123 1140 1185 οἶκε
1163 1115 1297 1208 μάλιστα
1318 1123 1490 1210 τετυγμένα
1512 1127 1679 1212 σημαίνοιεν

898 1230 1037 1326 ἀνδράσιν
1053 1215 1258 1366 Jdp‘eilgrqsdqp’
1285 1234 1402 1328 ἔμπεδα
1423 1235 1523 1307 πάντα
1543 1237 1695 1331 φύωνται·

900 1365 945 1442 τῷ
969 1385 1017 1445 μιν
1036 1359 1083 1424 ἀεὶ
1104 1349 1224 1448 πρῶτον
1243 1385 1279 1426 τε
1302 1364 1352 1424 καὶ
1372 1361 1506 1426 ὕστατον
1527 1357 1729 1448 Monaesum

814 1483 853 1546 15
897 1491 990 1568 χαῖρε,
1013 1472 1118 1568 πάτερ,
1138 1449 1220 1566 μένα
1241 1487 1358 1566 θαῦμα,
1378 1481 1442 1570 μέγ’
1468 1477 1672 1572 ἀνθρώποισιν
1693 1480 1789 1576 ὄνειαρ

898 1596 990 1672 αὐτὸς
1009 1602 1059 1662 καὶ
1080 1599 1208 1686 προτέρη
1226 1601 1313 1685 γενίη
1333 1625 1361 1664 κ.
1384 1626 1413 1665 τ.
1435 1607 1473 1681 t„

518 1721 611 1783 cuins
634 1722 819 1804 exemplum
840 1719 987 1784 Lucretio
1010 1719 1212 1784 obversatum
1236 1722 1398 1804 simulque
1424 1725 1617 1788 imitatorum
1640 1745 1727 1790 more
1749 1725 1789 1790 ab
1814 1746 1851 1789 eo
1874 1745 2047 1790 excessum
2069 1746 2142 1791 esse
2164 1749 2183 1792 a
2204 1731 2289 1794 veri-

517 1839 727 1902 similitudine
750 1857 955 1922 nequaquam
977 1839 1132 1921 abhorret,
1157 1843 1342 1924 praesertim
1364 1861 1450 1924 eum,
1471 1846 1564 1908 cuius
1579 1846 1626 1908 rei
1648 1846 1724 1908 itam
1748 1865 1799 1910 me
1821 1847 1988 1910 admonuit
2011 1846 2287 1933 Kiesslingius‚

514 1960 611 2021 etiam
627 1957 742 2022 Comae
764 1958 937 2022 Berenices
960 1962 1115 2041 poematis
1140 1959 1311 2024 Catulliani
1334 1965 1366 2024 et
1396 1959 1477 2024 Giris
1499 1965 1660 2046 prooemia
1682 1983 1724 2026 ex
1748 1984 1814 2030 una
1835 1967 1964 2047 periodo
1988 1967 2084 2051 longa
2105 1969 2287 2052 mirumque

513 2077 548 2139 in
571 2077 702 2141 modum
725 2083 866 2142 contorta
884 2082 916 2141 et
937 2079 1172 2161 conglomerata
1194 2085 1347 2144 constent.

680 2198 729 2263 Do
758 2200 855 2262 totius
885 2202 992 2260 autem
1020 2199 1116 2261 huius
1147 2201 1290 2280 proeomi
1321 2197 1484 2262 Luretiani
1513 2201 1636 2283 origine
1667 2207 1698 2264 et
1729 2201 1840 2266 ordine
1871 2202 2041 2268 admodum
2075 2207 2181 2271 variae
2212 2212 2288 2272 sunt

512 2319 652 2379 virorum
675 2317 838 2380 doctorum
860 2316 1045 2378 sententiae.
1077 2315 1210 2379 Munro
1229 2318 1315 2380 enim
1334 2323 1365 2380 et
1379 2317 1574 2382 Vahlenus
1596 2322 1656 2384 etsi
1679 2322 1821 2385 omniaa
1842 2327 1935 2404 poeta
1950 2343 2015 2387 uno
2035 2328 2144 2388 tenore
2166 2328 2222 2410 sic,
2250 2331 2289 2392 ut

513 2454 600 2499 nunc
621 2436 770 2520 legimus,
793 2439 908 2520 scripta
931 2455 1003 2500 osse
1026 2441 1170 2517 censent,
1191 2441 1299 2500 tomen
1320 2437 1374 2499 ille
1398 2436 1546 2500 lacunam
1567 2442 1641 2502 ante
1656 2459 1686 2500 v.
1701 2440 1742 2502 50
1765 2441 1918 2524 agnoscit,
1942 2442 2049 2508 hicne
2071 2445 2133 2510 tale
2155 2447 2287 2530 quidem

512 2556 735 2620 detrimentum
759 2558 892 2639 invenit,
916 2557 970 2620 sed
993 2559 1027 2620 in
1050 2576 1147 2620 versu
1164 2557 1224 2620 hoc
1247 2556 1426 2620 seeundum
1448 2556 1680 2622 Lachmanni
1703 2561 1935 2626 coniecturam:

850 2677 931 2760 quod
950 2687 1091 2756 euperem,
1115 2699 1223 2736 tecuae
1245 2677 1329 2736 aare
1353 2677 1584 2757 <artioremque
1607 2698 1672 2758 oye,
1697 2677 1866 2755 Memmi>

509 2795 715 2858 restaurando
737 2794 922 2876 acquiescit,
944 2797 976 2854 et
997 2792 1051 2854 illo
1073 2791 1149 2854 olim
1171 2811 1285 2854 vorsus
1313 2793 1413 2854 1-61
1437 2800 1546 2873 postea
1578 2797 1708 2861 demum
1732 2820 1751 2862 a
1773 2799 1919 2864 Lucretio
1939 2801 2062 2862 additos
2085 2815 2157 2860 esse
2179 2799 2284 2874 suspi-

510 2919 599 2977 catus
622 2918 688 2993 est,
722 2914 773 2975 hic
804 2911 1000 2975 econtrario
1030 2913 1064 2972 in
1086 2909 1151 2972 fine
1171 2911 1402 2974 dissertationis
1436 2914 1521 2978 haud
1543 2935 1672 2998 prorsus
1695 2919 1842 2982 abhorret
1871 2918 1909 2980 ad
1932 2917 2043 2980 eadem
2065 2913 2222 2976 sententia
2244 2909 2284 2970 de

509 3031 658 3095 versibus
675 3031 831 3094 62-148.
863 3028 965 3104 Quam
982 3031 1198 3112 suspicionem
1214 3031 1257 3092 ita
1272 3032 1380 3114 arripit
1401 3031 1732 3118 Kannengiesser,
1753 3044 1788 3102 ut
1802 3040 1965 3120 praeterea
1979 3049 2091 3096 versus
2115 3027 2283 3092 leo-148

510 3153 657 3234 proxime
679 3155 753 3233 post
772 3169 803 3211 r.
828 3149 887 3211 135
908 3153 1093 3231 transponat
1113 3167 1290 3231 versusque
1314 3150 1436 3213 54-61
1461 3153 1613 3217 delendos
1636 3161 1748 3238 poetae
1772 3155 1822 3220 vel
1844 3155 1951 3235 potius
1972 3148 2149 3213 secundum
2171 3152 2282 3229 poetae

509 3276 651 3334 mentem
685 3268 796 3332 editori
825 3269 926 3332 luisse
947 3253 994 3331 ⁴in
1027 3269 1187 3351 prooemio
1219 3268 1314 3332 talem
1348 3271 1381 3331 in
1408 3271 1538 3336 modum
1568 3274 1694 3338 dilatato
1725 3273 1905 3338 contendat.
1952 3266 2280 3350 Stuerenburgius

509 3394 585 3454 ante
606 3410 636 3452 v.
656 3389 706 3470 50,
729 3409 825 3472 quern
843 3389 882 3453 ab
905 3392 1074 3472 interprete
1085 3387 1265 3452 Veronensi
1278 3389 1399 3471 Vergili
1422 3392 1535 3475 Georg.
1556 3392 1614 3474 III,
1638 3395 1657 3454 3
1677 3399 1762 3456 recte
1786 3395 1845 3455 ita:

887 3509 968 3592 quod
989 3518 1130 3588 superest,
1153 3529 1264 3568 coenes
1284 3510 1368 3569 curra
1391 3511 1582 3592 artimuruqrae
1602 3532 1739 3591 rapacem.

509 3629 659 3692 traditum
682 3631 883 3710 essuperet,
914 3628 1077 3710 complura
1106 3625 1265 3689 excidisse
1286 3631 1374 3690 ratus
1404 3633 1436 3690 et
1458 3626 1596 3690 50-61
1620 3632 1652 3690 οῖ
1677 3626 1737 3688 136
1751 3663 1788 3672 —-
1803 3628 1863 3688 145
1891 3643 2004 3688 versus
2034 3624 2183 3686 carminis
2205 3642 2280 3685 con-

510 3748 650 3810 tinuitati
673 3746 817 3809 nendum
840 3748 975 3810 insertos
999 3763 1070 3808 osse
1090 3743 1265 3810 arbitratur.
1303 3745 1464 3829 Brieger
1486 3765 1578 3809 meus
1601 3765 1797 3829 quamquam
1819 3746 1904 3810 idom
1927 3747 1957 3808 oi
1983 3745 2023 3807 do
2037 3741 2194 3827 prioribus
2216 3742 2280 3806 illis

512 3865 659 3931 versibus
682 3866 837 3929 iudicium
858 3865 1003 3947 praeivit,
1025 3870 1129 3928 tamon
1154 3883 1210 3929 eos
1233 3869 1305 3947 post
1327 3886 1355 3928 ν.
1378 3867 1451 3946 101,
1472 3866 1664 3947 posteriores
1687 3865 1747 3928 hos
1766 3871 1836 3947 post
1858 3883 1888 3924 ν.
1908 3863 1947 3925 79
1972 3862 2170 3942 inserendos,
2195 3862 2280 3924 lacu·

509 4007 602 4068 nam,
632 4005 696 4069 qua
726 3985 874 4048 devorata
903 3987 944 4046 sit
964 3985 1133 4066 appellatio
1165 3984 1327 4066 Memmii,
1356 3985 1489 4048 fortasse
1518 4003 1583 4046 non
1613 3989 1686 4046 ante
1708 4003 1738 4044 v.
1764 3983 1814 4063 50,
1848 4001 1944 4064 quem
1974 3982 2096 4064 etipse
2118 3982 2283 4044 constituit

509 4106 687 4170 secundum
709 4104 827 4168 scholia
848 4103 1108 4185 illaVergiliana
1132 4105 1187 4167 sed
1210 4109 1282 4187 post
1304 4125 1334 4166 r.
1360 4106 1398 4168 79
1421 4111 1494 4168 ante
1516 4121 1630 4166 versus
1651 4103 1716 4165 illic
1739 4101 1928 4164 traiciendos
1952 4101 2118 4163 136-145
2141 4103 2282 4164 statuen-

509 4225 582 4289 dam
611 4243 683 4288 esse
715 4226 860 4289 coniecit.
904 4223 1018 4287 Contra
1045 4243 1159 4288 versus
1185 4225 1243 4288 hos
1280 4225 1460 4288 136-145
1490 4228 1562 4287 ante
1596 4243 1626 4290 ν.
1650 4223 1690 4285 50
1725 4227 1938 4303 transponere
1969 4221 2071 4284 veluit
2106 4217 2280 4283 Ritsche·

510 4345 588 4407 lius
603 4343 649 4423 ¹³),
683 4347 756 4407 ante
779 4343 820 4404 62
853 4341 1037 4406 Iessenus
1053 4341 1099 4424 ι4).
1168 4343 1290 4407 Versus
1323 4344 1430 4426 petius
1468 4343 1635 4406 146-148
1667 4342 1764 4424 plane
1798 4340 2007 4424 expungendi
2022 4339 2059 4422 ¹⁵)
2091 4339 2280 4404 videbantur

509 4461 744 4544 Gneisseo¹⁶)
766 4467 797 4525 οῖ
819 4460 994 4544 Sauppeo
1008 4463 1064 4546 ¹³),
1086 4465 1143 4547 qui
1175 4469 1336 4548 praeterea
1356 4481 1511 4526 versuum
1538 4461 1661 4524 50--61
1684 4461 1838 4544 aptiorem
1859 4461 1964 4523 locum
1987 4463 2058 4544 post
2087 4481 2115 4527 v.
2139 4461 2178 4523 79
2206 4478 2278 4523 esse

508 4588 618 4647 censet
640 4601 835 4664 versumque
859 4583 909 4662 50,
932 4587 1006 4646 ante
1028 4603 1123 4666 quem
1145 4585 1175 4646 ei
1199 4603 1329 4668 quoque
1350 4583 1431 4647 nihil
1453 4581 1565 4646 deesse
1582 4581 1719 4660 videtur,
1743 4581 1790 4642 sic
1811 4581 1931 4662 potius:

884 4702 965 4784 quod
985 4713 1126 4784 superest,
1152 4702 1351 4776 <Memmi>
1376 4725 1484 4764 namtas
1505 4701 1589 4762 owrr's
1615 4695 1869 4782 <ultimumque

509 4841 583 4885 cum
605 4817 946 4903 Kannengiessero
979 4821 1108 4884 reficere
1127 4827 1268 4886 conatur.

675 4939 823 5002 Attamen
854 4958 967 5002 versus
1002 4940 1167 5014 1367145
1197 4960 1304 5024 noque
1335 4947 1408 5005 ante
1439 4962 1469 5003 ν.
1495 4943 1535 5003 50
1558 4958 1665 5024 neque
1695 4941 1767 5002 ante
1802 4957 1832 4999 v.
1857 4939 1896 5000 62
1924 4957 2023 5021 posse
2043 4939 2170 5002 tolerari
2199 4939 2275 5001 satis

676 5224 722 5292 13)
740 5224 820 5293 Apud
840 5225 1156 5293 Stnerenburgium
1176 5227 1193 5280 l.
1212 5227 1229 5280 l.
1253 5245 1278 5296 p.
1297 5229 1356 5280 384.
1375 5227 1435 5280 388.

676 5311 723 5377 14)
742 5312 842 5367 Lucrer
860 5313 897 5366 im
916 5312 1102 5366 Verhiltnisse
1119 5330 1151 5368 zu
1169 5313 1261 5368 Catull
1283 5313 1338 5366 und
1356 5314 1495 5382 Sptitoren,
1514 5309 1583 5366 Kiel.
1618 5307 1859 5373 nncccnxxn,
1878 5325 1903 5378 p.
1923 5307 1956 5362 20
1970 5327 2027 5380 sqq.

676 5398 722 5466 15)
740 5399 911 5467 Repetuntur
929 5398 967 5462 11,
985 5398 1020 5454 59
1038 5415 1095 5468 sqq.
1114 5399 1167 5462 111,
1186 5401 1218 5452 91
1237 5417 1294 5468 sqq.
1314 5399 1362 5462 Vl,
1381 5401 1415 5468 39
1433 5416 1490 5467 sqq.

676 5485 723 5553 16)
741 5486 782 5540 De
801 5486 920 5540 versibus
940 5485 968 5538 in
986 5486 1110 5540 Lucretii
1127 5487 1245 5540 carmine
1263 5489 1396 5556 repetitis,
1414 5487 1558 5552 Argentor.
1576 5478 1857 5546 nucccnxxvrm
1876 5501 1902 5552 p.
1917 5483 1950 5536 69
1968 5499 2025 5554 sqq.

677 5569 723 5636 17)
742 5569 917 5634 Quaestiones
935 5571 1122 5634 Lucretianam,
1142 5569 1218 5625 Gott.
1256 5571 1491 5634 MDCCGLXXX,
1509 5586 1535 5638 p.
1556 5570 1587 5621 11
1607 5581 1664 5634 sqq.
