5174 7014
1331 701 1547 766 ..lu-

853 895 894 960 10
936 918 1009 960 uam
1029 903 1119 966 siuiul
1138 927 1174 967 ac
1195 903 1304 986 species
1318 904 1503 988 patefactast
1522 925 1613 965 uacua
1629 903 1691 966 diei

934 1029 961 1081 et
977 1034 1109 1086 reserata
1129 1025 1205 1108 uipct
1223 1023 1391 1108 peniuzbdb
1412 1047 1492 1087 aura
1504 1025 1624 1110 savoui,

931 1141 1032 1205 aerim
1049 1145 1187 1224 primum
1208 1144 1338 1212 volucres
1359 1156 1396 1221 ic,
1418 1146 1500 1221 diva,
1523 1157 1664 1231 tuumque

932 1261 1100 1348 eipulfimut
1120 1263 1231 1326 iciuraa
1242 1264 1401 1346 perculsae
1421 1265 1515 1330 corda
1536 1275 1588 1328 trra
1608 1267 1647 1340 oi,

931 1385 1000 1448 iride
1022 1385 1106 1460 ferae
1122 1385 1254 1468 pauida
1271 1385 1438 1467 pesulani
1458 1385 1573 1467 pabrda
1594 1386 1672 1448 lureta

849 1503 888 1566 15
932 1513 959 1566 u
979 1503 1106 1586 rapidos
1125 1482 1248 1566 tranunt
1267 1506 1375 1580 amum,
1397 1507 1439 1567 ito
1461 1516 1551 1588 copta
1572 1505 1672 1586 lepore

932 1632 959 1685 te
980 1624 1112 1707 sequatur
1133 1623 1318 1708 cupideque
1340 1648 1488 1711 quoeunque
1508 1627 1646 1689 iuducere
1662 1627 1778 1709 perpes,

930 1742 1056 1828 darique
1072 1765 1133 1826 per
1152 1747 1252 1808 maria
1273 1765 1309 1804 ae
1328 1750 1435 1812 runca
1448 1748 1617 1834 fluuiosque
1641 1746 1766 1829 rapacia

929 1864 1175 1950 frondiferasque
1197 1865 1300 1930 doum
1321 1869 1421 1930 auium
1444 1891 1621 1952 camposque
1644 1869 1764 1932 airardus

932 1983 1068 2048 maenibus
1089 1985 1230 2048 lucretiam
1250 1985 1395 2047 blandum
1412 2007 1470 2066 per
1483 1997 1609 2068 pectora
1629 2011 1763 2052 eruorem

851 2105 891 2168 20
935 2104 1030 2188 efficia
1051 2116 1083 2167 ut
1101 2105 1209 2188 cupide
1228 2106 1392 2188 pancratius
1412 2106 1507 2168 saeclo
1525 2113 1733 2192 propaperd):

933 2245 1009 2308 quiae
1030 2225 1172 2308 quonlam
1192 2247 1292 2287 rerum
1314 2236 1455 2287 naturam
1477 2227 1540 2290 eolo
1560 2229 1718 2310 pabeamus,

932 2367 984 2407 acc
1006 2344 1068 2407 siue
1089 2355 1116 2406 tc
1135 2347 1293 2429 quicquam
1315 2347 1382 2408 diae
1405 2349 1435 2409 iu
1457 2347 1576 2409 lucrinis
1598 2370 1668 2410 orae

933 2463 1064 2526 auarior
1084 2485 1176 2548 oeque
1189 2465 1231 2548 fit
1252 2464 1361 2527 lactum
1381 2488 1473 2549 acque
1494 2467 1622 2530 amabile
1644 2469 1816 2554 quicquum,

930 2595 956 2648 tc
975 2584 1086 2646 eociaru
1106 2584 1206 2646 studeo
1227 2584 1388 2648 aculbcudic
1413 2587 1541 2649 uer-cibus
1562 2609 1630 2660 esee,

852 2705 892 2766 25
936 2727 1008 2788 quaes
1029 2727 1080 2787 epo
1101 2705 1137 2766 de
1157 2726 1260 2767 recum
1280 2716 1390 2768 rumara
1404 2728 1541 2789 paupere
1561 2729 1651 2769 conor·

930 2823 1134 2888 Memmiadae
1155 2835 1265 2896 recuro,
1288 2846 1376 2910 quun
1398 2836 1440 2900 tu,
1462 2825 1529 2900 deu,
1551 2836 1683 2908 ternpore
1704 2829 1735 2890 iu
1756 2831 1839 2892 carini

930 2947 1064 3008 onradus
1086 2955 1226 3008 matura
1248 2945 1365 3008 voluisti
1385 2947 1522 3009 arcellare
1543 2947 1646 3009 reue:

929 3088 986 3151 quo
1007 3065 1104 3149 mapie
1125 3076 1278 3128 cumauro
1298 3066 1340 3127 da
1362 3065 1457 3141 diutia,
1480 3067 1560 3142 dirae,
1584 3066 1715 3146 leporarii

550 3209 709 3274 quaenam
740 3191 781 3253 sit
811 3191 983 3270 structura,
1014 3186 1099 3251 haud
1125 3186 1216 3250 facile
1238 3203 1315 3250 sana
1337 3191 1386 3250 est
1407 3187 1590 3251 diiudicatu.
1636 3184 1860 3269 Briegerum
1881 3188 1986 3266 enim,
2016 3198 2222 3246 cumeorum
2246 3196 2320 3242 sen-

547 3312 697 3390 tentiam,
734 3309 791 3392 qui
829 3305 936 3371 verbis
969 3328 1030 3389 per
1060 3315 1086 3369 tc
1114 3308 1256 3390 quoniam
1282 3345 1322 3354 —
1352 3307 1420 3370 eolus
1459 3311 1500 3387 (v.
1524 3311 1544 3370 4
1567 3311 1625 3388 sq.)
1657 3304 1929 3368 confirmationem
1956 3301 2211 3368 antecedentium
2244 3319 2320 3382 prae

547 3449 632 3490 orare
653 3464 694 3474 -
715 3427 870 3490 muccla-as
898 3429 940 3510 (v.
964 3427 982 3489 3
1004 3429 1066 3510 sq.)
1095 3426 1250 3488 contineri
1272 3423 1455 3504 crederent,
1477 3423 1647 3486 absurdam
1670 3441 1742 3486 esse
1761 3419 1983 3503 contenderet,
2014 3422 2227 3484 demonstrare
2257 3417 2317 3479 hoc

546 3547 590 3608 ita
610 3548 733 3609 tantum
755 3545 909 3627 potuisse,
931 3549 968 3607 ut
988 3543 1027 3605 ab
1050 3543 1097 3604 eis
1120 3543 1153 3602 in
1176 3538 1377 3602 cawelcbruce
1397 3519 1561 3619 vocabula,
1583 3544 1618 3602 ut
1637 3539 1675 3602 ab
1691 3541 1773 3620 ipso,
1795 3539 2029 3622 frequentandi,
2051 3559 2117 3604 non
2132 3535 2314 3620 complendi

547 3663 812 3746 significationem
839 3665 1004 3726 inuentam
1032 3677 1104 3722 esse
1133 3659 1213 3721 falsa
1235 3659 1426 3740 opinaretur,
1450 3660 1555 3722 statim
1578 3658 1739 3736 monui‘b:
1772 3657 1828 3722 sed
1851 3663 1959 3724 contra
1978 3659 2230 3744 Briegerum,
2262 3656 2318 3738 qui

547 3782 645 3848 verba
666 3783 721 3845 illa
736 3804 797 3862 pec
818 3793 845 3844 ic
874 3779 1016 3865 querulam
1039 3790 1089 3841 etc.
1118 3777 1389 3841 confirmationem
1418 3782 1449 3839 ot
1476 3780 1617 3859 protasia
1647 3780 1753 3861 patius
1787 3798 1859 3843 esso
1888 3780 2062 3863 apodoseos
2093 3779 2257 3862 sequentis
2280 3787 2316 3850 le,

547 3903 614 3977 cua,
636 3912 662 3964 lc
683 3939 725 3950 -
755 3901 869 3963 caclo—ru
890 3901 933 3983 (v.
958 3900 1054 3981 5-9)
1081 3897 1226 3980 putabat,
1252 3916 1318 3960 nan
1345 3897 1447 3979 magis
1476 3896 1610 3961 feliciter
1636 3901 1791 3982 pugnavit
1821 3897 2180 3982 Stuerenburgius
2224 3895 2315 3960 Certe

547 4041 614 4086 non
638 4021 741 4103 video,
765 4019 841 4104 quid
863 4017 992 4082 absurdi
1015 4018 1092 4081 insit
1113 4017 1146 4078 in
1166 4017 1224 4080 hac
1246 4018 1475 4079 sententiarum
1496 4005 1734 4082 continuatione
1757 4021 1787 4082 et
1809 4018 1908 4081 serie:
1936 4021 2107 4101 „quoniam
2130 4038 2187 4102 per
2208 4022 2238 4080 te
2260 4036 2316 4079 ex·

547 4143 693 4205 oriuntur
713 4141 821 4204 omnia
853 4139 971 4222 genera
992 4140 1190 4200 animantum
1212 4142 1253 4212 (v.
1278 4139 1299 4197 4
1321 4139 1398 4218 squ,
1429 4141 1463 4200 tu
1487 4155 1522 4200 cs
1545 4139 1640 4201 etiam
1663 4140 1748 4202 veris
1771 4138 1831 4201 dea
1851 4138 1895 4219 (v.
1909 4137 2021 4220 5-a):
2043 4157 2117 4200 nam
2141 4139 2246 4200 statim
2268 4137 2317 4198 in-

547 4263 644 4325 eunte
665 4277 741 4323 vere
768 4260 804 4321 in
833 4257 982 4321 omnibus
1012 4255 1228 4320 animantibus
1256 4257 1412 4318 excitatur
1442 4257 1596 4340 gignendi
1624 4258 2039 4341 cupid0(v.1o-20)“²):
2071 4259 2168 4320 immo
2198 4255 2317 4319 oblitus

547 4385 597 4444 est
623 4376 951 4460 Siderenburgius
978 4376 1062 4458 apud
1093 4393 1205 4440 omnes
1237 4379 1403 4459 scriptores
1426 4377 1509 4440 haud
1531 4397 1637 4440 rarum
1660 4395 1732 4440 esse
1755 4377 1907 4460 loquendi
1929 4395 2050 4461 genua,
2070 4375 2125 4439 ubi
2147 4376 2316 4441 antecessit

547 4498 743 4562 confirmatio
765 4495 1016 4575 conclusionem,
1037 4501 1108 4577 past
1132 4493 1371 4558 conclusionem
1398 4496 1607 4578 amplificatae
1638 4499 1797 4580 novisque
1826 4499 1993 4560 sententiis
2017 4501 2127 4561 auctae
2150 4497 2317 4561 confirma·

547 4618 645 4682 tionis
666 4617 908 4698 repetitionem,
935 4615 1028 4677 cuius
1049 4615 1096 4676 rei
1130 4631 1147 4676 e
1170 4613 1246 4676 solis
1273 4614 1410 4695 politicis
1433 4617 1612 4679 Aristotelis
1644 4615 1734 4679 libris
1758 4613 1870 4696 olim⁸)
1899 4635 1958 4679 sex
1981 4589 2094 4700 collegi
2116 4617 2263 4699 exempla
2285 4618 2316 4680 et

547 4737 661 4800 horum
684 4738 832 4818 quattuor
854 4752 872 4796 e
894 4733 962 4796 solo
988 4734 1090 4815 primo
1113 4751 1280 4815 unumque
1303 4753 1320 4796 e
1342 4737 1490 4817 poeticis:
1522 4757 1626 4819 neque
1652 4739 1680 4800 si
1709 4741 1794 4800 recte
1817 4734 1914 4800 verba
1935 4735 2155 4819 praecedentia
2177 4759 2253 4820 quac
2275 4771 2316 4782 —

715 4988 745 5052 6)
764 4986 797 5039 In
815 4984 913 5039 Philol.
933 4985 950 5039 l.
969 4985 987 5038 1.
1005 5002 1031 5054 p.
1051 4987 1110 5038 455.
1130 5003 1155 5038 n.
1175 4987 1205 5037 3:
1228 5002 1296 5055 quae
1314 4990 1404 5039 tamen
1421 4987 1511 5040 addidi
1531 4987 1591 5050 ,ier
1609 4988 1772 5056 Bricgers
1791 4988 1953 5054 Auffassung
1970 4988 2076 5056 spricht
2094 4988 2157 5040 aber
2175 4987 2245 5042 auch
2263 4987 2311 5040 das

548 5073 695 5142 Fulgende,
712 5089 742 5126 so
761 5089 784 5125 r.
811 5072 1021 5137 indomitumque
1039 5082 1112 5132 ererum,
1135 5089 1158 5125 v.
1178 5073 1210 5125 12
1228 5071 1245 5126 t.
1265 5083 1375 5138 errareque
1395 5075 1495 5124 iuirmu‘
1514 5089 1568 5126 non
1582 5075 1664 5128 etiam
1683 5074 1762 5128 hodie
1780 5074 1871 5143 probo.
1890 5074 1922 5126 V.
1942 5091 1969 5126 n.
1990 5076 2004 5128 7
2025 5079 2053 5127 et
2074 5092 2098 5128 n.
2122 5073 2162 5126 12.

716 5159 744 5220 l)
764 5158 958 5212 Verumtamen
978 5158 1050 5212 haud
1067 5162 1140 5212 recte
1158 5159 1214 5228 ipse
1239 5159 1383 5232 Briegar
1400 5163 1416 5216 l.
1436 5165 1453 5218 l.
1472 5179 1497 5231 p.
1517 5163 1584 5216 455:
1611 5161 1670 5224 „die
1688 5163 1716 5215 iu
1737 5159 1839 5215 10-20
1857 5159 1993 5228 gegebene
2009 5155 2196 5228 Begriindnng
2214 5161 2313 5228 gaheri

548 5243 609 5298 dem
629 5244 800 5298 Sinuenaeh
820 5244 1000 5310 ebenzuper
1021 5247 1175 5310 aequoniam
1202 5277 1234 5286 -
1259 5249 1322 5297 solu
1341 5251 1413 5302 eta.“
1438 5251 1465 5302 et
1484 5264 1508 5315 p.
1527 5247 1591 5302 lae:
1618 5265 1711 5312 „uenn
1737 5249 1806 5316 jetnt
1824 5245 1894 5300 nach
1912 5245 1973 5300 dem
1990 5246 2141 5300 Nachsatze
2159 5249 2210 5299 mit
2228 5247 2315 5300 ciuem

550 5329 729 5384 unmlttalbar
746 5348 798 5384 nur
817 5332 867 5384 ani
881 5330 1102 5386 denVorderssta
1121 5351 1152 5386 zu
1170 5333 1346 5388 berichendeu
1363 5353 1419 5384 arcu
1437 5333 1620 5401 fortgeiahren
1634 5334 1706 5396 wird,
1726 5351 1755 5387 so
1829 5333 1866 5385 ist
1885 5331 2023 5385 mittclbar
2032 5332 2062 5399 ja
2075 5331 2117 5386 die
2131 5331 2316 5399 Bcgriindung

547 5416 595 5470 des
614 5415 804 5471 Vardarsatzce
822 5417 892 5472 auch
913 5417 1097 5486 Bagriiuduug
1115 5419 1160 5474 des
1178 5420 1369 5474 Nachsatzes··.
1414 5421 1466 5474 Per
1491 5421 1620 5475 Venerem
1651 5421 1721 5474 anim
1747 5419 1837 5472 omnia
1857 5419 1984 5472 animalia
2003 5417 2082 5482 oriri,
2106 5419 2238 5487 quomedo
2264 5420 2316 5472 hoc

548 5501 609 5556 inde
628 5503 704 5571 sequi
721 5505 816 5572 possit,
834 5503 905 5574 qnod
922 5521 1002 5559 verno
1021 5510 1141 5574 tempore
1160 5505 1261 5560 bestiae
1279 5512 1361 5560 rnirut
1380 5507 1412 5560 ad
1439 5507 1619 5567 concubitum,
1641 5523 1690 5573 ego
1709 5510 1782 5559 certe
1799 5522 1851 5558 non
1870 5505 2006 5572 intellege.

715 5590 745 5654 8)
764 5590 805 5645 De
824 5591 943 5661 politicis
963 5592 1134 5646 Aristoteleis
1153 5593 1340 5661 quaestionum
1359 5595 1512 5648 educerum
1532 5599 1602 5664 part.
1623 5593 1684 5646 VlI.
1704 5591 1804 5661 Gryph.
1824 5591 2056 5646 uoooeixxv.
2076 5608 2100 5660 p.
2122 5591 2162 5645 16.
