5174 7014
1124 892 1343 958 ..IX-

348 1101 511 1184 ceteroqui
540 1097 620 1162 nihil
650 1095 750 1160 habeo
776 1093 861 1178 quod
887 1092 1024 1172 demam,
1056 1092 1136 1156 nihil
1159 1090 1246 1175 quod
1266 1091 1380 1156 addam
1401 1089 1510 1154 verbis
1532 1091 1602 1154 eius
1625 1091 1803 1155 verissimis
1825 1092 1940 1174 his¹⁹):
1972 1089 2117 1172 „Revera

351 1225 477 1306 ,putem
507 1215 732 1283 offendendum
759 1218 809 1277 est
835 1215 868 1277 in
892 1233 923 1274 v.
943 1232 974 1274 v.
999 1212 1135 1293 54-61,
1165 1213 1318 1294 quicum
1342 1210 1487 1274 universi
1508 1211 1659 1274 carminis
1681 1230 1839 1274 summam
1864 1247 1906 1260 —
1927 1211 2007 1274 nihil
2030 1212 2118 1276 aliud

352 1346 405 1428 „in
426 1361 456 1401 v.
472 1359 503 1400 v.
526 1339 567 1402 54
589 1341 621 1399 et
643 1335 683 1396 55
704 1334 772 1396 init.
798 1329 1017 1416 quaerendum
1041 1330 1168 1394 videtur
1189 1365 1230 1378 —
1251 1328 1390 1394 breviter
1409 1328 1553 1394 indicant
1571 1334 1640 1394 tum
1661 1329 1735 1394 libri
1756 1329 1781 1392 Ι.
1803 1331 1950 1395 thematis
1972 1333 2117 1414 proposi-

353 1463 489 1544 „tionom
511 1473 585 1520 cum
608 1455 753 1518 accurata
775 1456 951 1516 atomorum
973 1450 1195 1533 terminologia
1215 1451 1417 1512 coniunctam
1438 1451 1611 1512 continent.
1656 1445 1744 1513 Talia
1765 1453 1872 1513 autem
1893 1453 1966 1514 ante
1989 1469 2117 1514 accura-

353 1582 484 1664 „tiorem
513 1573 692 1658 argumenti
723 1589 828 1653 paene
855 1574 952 1635 totius
976 1571 1237 1655 propositionem,
1264 1587 1348 1651 quae
1377 1571 1410 1630 in
1439 1587 1469 1628 v.
1491 1589 1521 1629 v.
1546 1568 1713 1632 127-135
1735 1570 1830 1650 inest,
1861 1589 1924 1633 non
1947 1574 2021 1653 apta
2044 1587 2117 1634 essa

353 1714 478 1781 „neque
507 1693 638 1758 omnino
667 1691 775 1754 locum
800 1688 917 1755 habere
947 1691 1011 1753 nisi
1041 1694 1114 1754 ante
1145 1691 1246 1772 ipsam
1268 1687 1341 1750 libri
1363 1687 1386 1748 l.
1409 1688 1717 1771 argumentationem
1739 1694 1876 1771 apparet.
1921 1693 1969 1754 Ac
1992 1692 2020 1753 si
2043 1693 2117 1774 quis

352 1814 552 1900 „Lucretium
575 1811 655 1874 nihil
678 1811 765 1874 aliud
789 1806 937 1872 versibus
956 1808 1078 1871 54-61
1104 1807 1228 1871 efficere
1250 1808 1393 1872 voluisse
1415 1806 1508 1886 dicat,
1530 1807 1594 1868 nisi
1617 1809 1652 1867 ut
1665 1805 1840 1870 doctrinam
1856 1825 1949 1872 suam
1964 1812 2118 1875 atomisti·

352 1953 441 2018 „cam
461 1951 534 1997 esse
556 1928 731 2013 significet:
755 1927 795 1992 ad
817 1927 849 1990 id
872 1926 1076 1991 efficiendum
1096 1933 1179 1992 certe
1201 1932 1264 1992 tam
1288 1931 1434 1990 accurata
1454 1924 1697 2008 primordiorum
1720 1927 1941 2011 terminologia
1956 1949 2036 2013 opus
2052 1951 2117 1995 non

353 2057 446 2136 „erat
499 2051 540 2112 Et
569 2050 597 2111 si
627 2047 847 2111 Vahleuus
879 2050 922 2132 (p.
945 2049 1021 2128 493)
1054 2049 1335 2112 necessariam
1363 2045 1450 2108 illam
1480 2043 1610 2126 quidem
1640 2063 1704 2108 non
1734 2064 1807 2110 esse
1836 2047 1921 2128 dicit,
1950 2048 2006 2113 sed
2038 2071 2119 2115 non

354 2169 587 2254 „inutilem,
608 2172 644 2232 ut
669 2169 775 2230 statim
797 2169 832 2230 in
852 2169 944 2230 initio
966 2167 1116 2230 carminis
1137 2171 1295 2250 appareat,
1317 2165 1420 2247 qualis
1444 2165 1485 2226 sit
1506 2183 1544 2228 ea
1565 2164 1716 2246 doctrina,
1739 2185 1804 2248 qua
1825 2170 1934 2230 omnia
1955 2187 1997 2232 ex
2012 2189 2119 2234 rerum

354 2286 553 2372 „seminibus
582 2289 652 2350 sino
675 2288 806 2351 deorum
830 2286 951 2350 auxilio
973 2286 1067 2350 fiant:
1096 2306 1154 2350 cur
1174 2286 1352 2366 Lucretius
1380 2287 1406 2348 si
1429 2287 1492 2347 iam
1515 2283 1664 2346 hocloco
1686 2283 1797 2348 efferre
1819 2286 1920 2350 voluit
1942 2290 2120 2353 secundum

356 2427 467 2490 „snam
490 2407 662 2470 doctrinam
688 2405 796 2470 omnia
818 2407 887 2470 sine
911 2406 1043 2471 deorum
1064 2425 1160 2490 opera
1180 2406 1249 2470 fieri
1267 2443 1307 2452 -
1323 2425 1381 2470 cur
1394 2406 1426 2469 id
1443 2421 1507 2466 non
1525 2403 1687 2484 expressis
1701 2401 1808 2466 verbis
1823 2407 1976 2488 protulit?
1998 2413 2029 2472 et
2043 2409 2120 2492 quid

355 2526 413 2610 „ad
435 2527 518 2589 hanc
538 2527 728 2589 seutentiam
743 2525 964 2590 illustrandam
979 2527 1146 2590 conferunt
1160 2544 1190 2587 v.
1207 2548 1236 2589 v.
1255 2526 1451 2602 58-61?³⁰)
1496 2521 1644 2604 Denique
1660 2521 1746 2605 quod
1761 2523 1862 2587 Vahl
1874 2545 1972 2590 enus
1988 2530 2031 2610 (p.
2045 2529 2122 2610 497)

355 2649 413 2730 „ad
435 2644 655 2710 illustrandam
678 2663 749 2708 eam
770 2645 937 2727 rationem,
959 2665 1023 2728 qua
1043 2643 1208 2708 Lucretius
1231 2648 1303 2728 post
1323 2664 1353 2706 v.
1369 2663 1400 2704 v.
1421 2642 1544 2704 54-61
1566 2659 1684 2705 novam
1707 2644 1802 2707 etiarn
1823 2650 1944 2728 partem
1966 2650 2122 2728 prooemii

355 2766 478 2848 „addat
511 2763 718 2846 111,31—e3
751 2769 782 2827 et
810 2760 865 2840 IV,
887 2763 1013 2826 43-95
1044 2769 1213 2847 comparat,
1242 2763 1438 2827 monendum
1469 2765 1518 2825 est
1545 2780 1676 2843 prorsus
1704 2766 1891 2829 contrariam
1914 2764 1960 2828 ibi
1981 2768 2121 2831 inveniri

355 2885 539 2966 „rationem
562 2887 594 2945 et
611 2881 642 2944 id
655 2882 773 2964 ipsum
795 2881 919 2960 deesse,
940 2883 1025 2965 quod
1047 2883 1098 2945 hic
1114 2883 1283 2946 offensioni
1299 2888 1356 2944 ost.
1401 2881 1450 2944 lbi
1465 2886 1553 2947 enim
1568 2882 1734 2947 Lucretius
1749 2889 1918 2968 postquam
1933 2885 2003 2966 (111,
2016 2888 2120 2950 1-30

299 3027 309 3042 ·
354 3006 406 3084 „st
427 2999 485 3082 Vl,
508 3001 623 3078 1-42)
656 3000 695 3064 de
722 2999 852 3083 Epicuri
885 3003 1007 3064 meritis
1035 3004 1172 3084 eiusque
1195 3002 1338 3066 doctrina
1359 3005 1393 3066 in
1420 3004 1607 3066 universum
1630 3002 1791 3082 disseruit,
1817 3021 1868 3066 res
1891 3007 2035 3090 singulm
2057 3007 2136 3072 illis·

354 3119 462 3203 „libris
484 3119 662 3183 mactandas
684 3121 849 3202 proponit:
881 3120 932 3182 hic
955 3123 1064 3183 contra
1085 3127 1255 3204 postquam
1279 3141 1317 3186 ea
1338 3124 1402 3186 iam
1424 3123 1598 3206 proposuit,
1621 3140 1703 3204 quae
1725 3122 1764 3184 ad
1786 3121 1903 3186 librum
1923 3124 1946 3186 1.
1971 3127 2021 3191 vel
2046 3126 2068 3189 Ι.
2090 3132 2121 3191 et

354 3239 413 3321 „Il
442 3240 644 3322 potissimum
675 3241 850 3322 pertinent,
883 3245 950 3302 tum
981 3238 1111 3303 demum
1141 3239 1272 3322 Epicuri
1299 3241 1410 3305 laudes
1439 3239 1577 3304 celebrat
1604 3246 1635 3303 et
1665 3239 1705 3304 de
1735 3243 1805 3306 eius
1828 3243 1970 3308 dochino
1990 3247 2024 3309 in
2049 3249 2121 3309 uni·

355 3375 505 3440 „versum
526 3357 624 3420 verbo
645 3358 794 3440 tacit‘.³¹)
839 3357 950 3440 Neque
973 3359 1152 3440 spernenda
1175 3365 1250 3424 sunt
1266 3380 1348 3444 quae
1365 3365 1474 3424 contra
1489 3359 1716 3424 Vahlenum
1738 3362 1866 3425 monuit
1883 3361 2119 3450 Bricgerfflh:

356 3477 483 3561 „Wenn
498 3475 630 3556 Luerez,
650 3460 721 3558 sagt
735 3475 891 3539 Vahlen
915 3477 959 3558 (S.
972 3478 1058 3560 497),
1080 3497 1110 3543 v.
1127 3478 1187 3540 127
1203 3479 1234 3542 tl.
1256 3480 1318 3542 den
1331 3478 1462 3542 Schluss
1478 3479 1566 3542 nicht
1581 3497 1616 3542 so
1631 3479 1807 3544 formulire:
1832 3481 1929 3546 daher
1944 3503 2032 3547 muss
2047 3507 2121 3550 man

355 3598 427 3680 „die
448 3597 551 3660 Natur
574 3594 631 3657 dor
653 3592 743 3658 Seele
766 3595 958 3677 erlorschon,
980 3596 1118 3662 sondern
1142 3599 1174 3660 in
1198 3599 1371 3662 denselben
1394 3599 1485 3662 mehr
1504 3598 1730 3680 auinehmend,
1752 3598 1799 3662 als
1816 3619 1906 3665 wozu
1922 3603 1978 3668 der
1991 3606 2121 3691 Aniang

355 3737 415 3800 „zu
442 3715 645 3796 berechtigen
678 3714 799 3794 schien,
830 3713 882 3779 die
912 3717 1057 3798 gestellte
1080 3717 1226 3801 Aulgabe
1257 3720 1291 3780 in
1322 3717 1578 3782 umfassenderer
1601 3716 1710 3781 Weiss
1733 3735 1767 3782 so
1792 3719 1994 3786 bezeichnet:
2025 3726 2121 3790 daher

354 3853 463 3918 „muss
493 3853 565 3896 man
598 3831 685 3895 nicht
714 3830 801 3895 bloss
834 3833 885 3897 die
912 3835 1134 3900 himmlischen
1167 3835 1272 3922 Dinge
1300 3839 1367 3902 und
1397 3857 1462 3901 was
1489 3837 1547 3900 aut
1564 3835 1670 3900 Erden
1695 3839 1868 3921 geschieht,
1894 3842 2031 3907 sondern
2054 3846 2120 3909 ins·

354 3952 550 4035 „besondere
573 3950 629 4014 das
652 3951 774 4014 Wesen
797 3951 853 4016 der
874 3952 965 4018 Seele
988 3957 1181 4039 argriinden,
1208 3977 1243 4022 so
1265 3960 1414 4041 gewinne
1436 3957 1505 4020 dies
1526 3957 1617 4020 seina
1639 3954 1877 4042 Berechtigung
1899 3960 2023 4044 damus,
2047 3966 2120 4030 dass

356 4089 409 4150 „er
438 4071 506 4132 sich
535 4070 593 4131 mit
620 4070 774 4134 beziehen
803 4071 910 4136 kenne
937 4078 995 4138 auf
1020 4076 1087 4156 das,
1113 4096 1178 4139 was
1208 4096 1243 4140 er
1271 4077 1388 4140 bereits
1415 4097 1446 4137 v.
1465 4077 1505 4137 54
1528 4077 1548 4137 l'.
1579 4075 1659 4140 iiber
1685 4075 1748 4140 den
1770 4076 1874 4142 lnhalt
1896 4084 2003 4146 seinos
2025 4083 2120 4150 lehr-

356 4185 537 4270 „gedichtes
569 4187 603 4247 in
633 4185 695 4248 den
717 4185 848 4252 Worten
876 4214 948 4252 orara
974 4193 1028 4254 tibi
1054 4193 1090 4255 de
1110 4217 1251 4256 suumne
1273 4195 1372 4256 caeli
1391 4196 1540 4258 rationo
1561 4193 1706 4279 άθιιηιφθθ
1727 4197 1870 4263 deserere
1892 4201 2035 4282 impiam
2066 4227 2122 4269 an·

355 4303 551 4389 ,gerundigt
582 4303 671 4373 habe.
715 4305 803 4369 Aber
832 4309 884 4372 die
916 4311 994 4372 ratio
1022 4312 1138 4393 superis
1164 4311 1201 4374 da
1229 4313 1316 4375 rebus
1341 4325 1367 4376 et
1397 4337 1457 4399 qua
1483 4316 1514 4376 si
1534 4337 1666 4399 paruaque
1686 4328 1830 4398 parantur
1852 4318 1882 4378 iu
1904 4322 2001 4398 terrm,
2032 4324 2120 4389 diese

356 4421 479 4507 „Ilinge
501 4423 573 4486 sind
592 4423 627 4504 ja
650 4424 801 4506 implicite
826 4428 924 4492 sehon
946 4448 976 4491 v.
992 4431 1033 4492 25
1055 4431 1275 4516 angekiindigt
1288 4437 1346 4496 mit
1361 4435 1423 4498 den
1447 4437 1585 4510 confflem,
1608 4455 1681 4519 quos
1702 4455 1753 4515 epo
1776 4435 1812 4497 de
1833 4458 1961 4500 reram
1982 4455 2120 4507 saturo

355 4562 509 4624 „ponpere
534 4563 633 4605 conor.
679 4541 740 4608 Die
766 4548 799 4609 in
821 4545 911 4610 Rode
942 4549 1095 4614 stehende
1124 4550 1222 4614 Stella
1249 4553 1334 4617 kann
1365 4555 1432 4619 also
1461 4555 1547 4618 nicht
1576 4555 1623 4617 als
1645 4552 1771 4618 Beweis
1794 4555 1886 4619 datiir
1906 4561 2024 4644 gulten,
2046 4564 2120 4629 dass

355 4659 505 4743 „Locren
530 4661 577 4723 als
605 4681 641 4726 er
668 4666 714 4726 sie
744 4665 879 4746 sehrieb,
905 4633 956 4731 die
982 4668 1081 4732 Verso
1105 4671 1227 4734 50-61
1261 4673 1308 4736 als
1335 4677 1388 4738 ein
1411 4672 1675 4756 roranliegendes
1698 4673 1795 4737 Stiiclr
1822 4677 1928 4740 seinos
1952 4677 2120 4748 Gedichtes

356 4801 433 4863 „vor
455 4783 573 4864 Augen
602 4781 714 4844 hatte‘t.
761 4782 846 4860 Quin
872 4790 971 4851 immo
1001 4791 1120 4870 optime
1146 4788 1316 4856 Lucretius
1345 4795 1377 4855 in
1401 4794 1472 4874 ipso
1494 4795 1637 4872 prooemi
1659 4794 1749 4856 exitu
1772 4814 1801 4855 r.
1826 4814 1855 4856 r.
1883 4796 2049 4864 127-‘135
2080 4803 2120 4866 de

520 5087 569 5153 29)
588 5085 618 5140 Ir.
639 5087 656 5140 l.
676 5103 702 5156 p.
726 5089 763 5141 10.

521 5172 570 5237 30)
589 5171 659 5226 Sane
677 5173 746 5237 inda,
766 5176 836 5244 quod
854 5181 895 5230 est
914 5180 1011 5248 aliquis
1030 5185 1180 5234 atomorum
1200 5180 1337 5234 doctrinae
1353 5183 1463 5247 assecla,
1481 5183 1599 5237 nondum
1612 5185 1663 5240 hoc
1675 5187 1810 5256 sequitur:
1832 5187 1899 5240 nihil
1912 5189 1983 5243 enim
1998 5193 2134 5262 impedit,¹

352 5260 495 5329 quominus
518 5257 613 5312 doceat
637 5277 669 5314 er
692 5261 734 5314 his
757 5263 854 5315 atomis
879 5281 895 5315 a
918 5264 967 5318 deo
991 5265 1080 5320 deleve
1106 5267 1229 5336 componi
1254 5266 1295 5319 rel
1319 5268 1497 5336 compositum
1522 5287 1579 5325 osse
1602 5272 1739 5334 mnndum.
1758 5275 1830 5328 sicut
1849 5289 1939 5328 revera
1959 5275 2010 5330 hoc
2028 5278 2121 5334 docuit

354 5344 508 5399 Heraclides
526 5343 664 5400 Ponticus.

520 5431 568 5495 31)
588 5429 669 5484 Stant
687 5431 774 5499 igitur
791 5433 891 5487 invicta
909 5450 979 5504 qnae
997 5436 1060 5490 olim
1079 5439 1187 5508 scripsit
1206 5439 1357 5508 Brioger
1374 5440 1472 5495 Philol.
1492 5443 1509 5496 l.
1523 5445 1540 5497 l.
1561 5463 1587 5516 p.
1600 5449 1666 5502 456:
1684 5448 1804 5511 „Feruor
1822 5449 1956 5504 encheint
1975 5467 2003 5503 ea
2021 5451 2119 5506 durch·

355 5529 420 5575 ,„ans
438 5513 600 5584 nnpassand,
625 5533 702 5570 wann
720 5517 769 5569 wir
782 5518 853 5585 jetzt
871 5517 914 5572 die
932 5519 1122 5591 Bezaichnung
1139 5524 1184 5577 des
1203 5525 1325 5592 Syrtems
1344 5527 1384 5580 als
1402 5529 1474 5582 aines
1492 5531 1705 5594 atomistischan.
1731 5533 1762 5598 ja
1780 5550 1861 5602 cogar
1879 5533 1921 5589 die
1941 5537 2054 5603 Angabo
2074 5537 2121 5594 der

355 5599 577 5659 ‚„verachiedeneu
600 5601 801 5670 Benennungen
825 5603 872 5658 der
891 5607 989 5659 Atoma
1014 5622 1065 5660 von
1083 5607 1142 5662 dem
1161 5611 1282 5679 Beginne
1300 5612 1348 5666 der
1365 5613 1542 5684 Darstellung
1560 5616 1606 5671 des
1626 5619 1745 5685 Systems
1763 5619 1847 5674 selbst
1866 5620 1942 5688 (149)
1960 5624 2045 5678 durch
2064 5623 2120 5679 bei-

355 5682 442 5746 „uahe
459 5685 494 5737 90
511 5685 594 5740 Verre
610 5690 737 5755 gotranni
755 5688 863 5744 sehen“.

522 5772 568 5837 32)
586 5772 619 5826 In
638 5773 763 5827 Bursiani
782 5778 871 5831 relati.
890 5777 923 5830 X.
944 5795 969 5847 p.
990 5779 1031 5832 69.

1892 5907 1909 5960 2

427 6727 432 6740 ·
536 6655 1022 6887 imi
